% This file was created with Citavi 6.3.0.0

@book{Gurski.2010,
 author = {Gurski, Frank and Rothe, Irene and Rothe, J{\"o}rg and Wanke, Egon},
 year = {2010},
 title = {Exakte Algorithmen f{\"u}r schwere Graphenprobleme},
 address = {Berlin and Heidelberg},
 publisher = {Springer},
 isbn = {978-3-642-04499-1},
 doi = {10.1007/978-3-642-04500-4}
}

% This file was created with Citavi 6.3.0.0

@book{Applegate.2006,
 abstract = {This book presents the latest findings on one of the most intensely investigated subjects in computational mathematics--the traveling salesman problem. It sounds simple enough: given a set of cities and the cost of travel between each pair of them, the problem challenges you to find the cheapest route by which to visit all the cities and return home to where you began. Though seemingly modest, this exercise has inspired studies by mathematicians, chemists, and physicists. Teachers use it in the classroom. It has practical applications in genetics, telecommunications, and neuroscience. The autho.},
 author = {Applegate, David L. and Bixby, Robert E. and Chvatal, Vasek and Cook, William J.},
 year = {2006},
 title = {The Traveling Salesman Problem: A Computational Study},
 address = {Princeton},
 publisher = {{Princeton University Press}},
 isbn = {978-0-691-12993-8},
 series = {Princeton Series in Applied Mathematics}
}

@article{Macgregor.1996,
author = {Macgregor, James and Ormerod, Thomas},
year = {1996},
month = {06},
pages = {527-539},
title = {Human performance on the traveling salesman problem},
volume = {58},
journal = {Perception \& psychophysics},
doi = {10.3758/BF03213088}
}

@Inbook{Domschke.2015,
author="Domschke, Wolfgang
and Drexl, Andreas
and Klein, Robert
and Scholl, Armin",
title="Graphentheorie",
bookTitle="Einf{\"u}hrung in Operations Research",
year="2015",
publisher="Springer Berlin Heidelberg",
address="Berlin, Heidelberg",
pages="71--86",
abstract="Zu Beginn definieren wir wichtige Begriffe aus der Graphentheorie und beschreiben Speicherm{\"o}glichkeiten f{\"u}r Graphen in Rechenanlagen. In Kap. 3.2 schildern wir Verfahren zur Bestimmung k{\"u}rzester Wege in Graphen. Schlie{\ss}lich beschreiben wir in Kap. 3.3 Methoden zur Ermittlung minimaler spannender B{\"a}ume und minimaler 1-B{\"a}ume von Graphen. Bedeutsam aus dem Gebiet der Graphentheorie sind dar{\"u}ber hinaus v.a. Verfahren zur Bestimmung maximaler oder kostenminimaler Fl{\"u}sse in Graphen.",
isbn="978-3-662-48216-2",
doi="10.1007/978-3-662-48216-2_3",
url="https://doi.org/10.1007/978-3-662-48216-2_3"
}

@misc{Hutchinson.2016,
 author = {Hutchinson, Charles and Pyo, Jonathan and Zhang, Luke and Zhou, Jieli},
 year= {2016},
 month={12},
 title = {CMU Traveling Salesman Problem},
 url = {https://www.math.cmu.edu/~af1p/Teaching/OR2/Projects/P58/OR2_Paper.pdf},
 urldate = {12.08.2019},
 institution = {{Carnegie Mellon University}}
}

@article{Johnson.2001,
author = {Johnson, David and Gutin, Gregory and A. Mcgeoch, Lyle and Yeo, Anders and Zhang, Weixiong and Zverovitch, Alexei},
year = {2001},
month = {12},
pages = {},
title = {Experimental Analysis of Heuristics for the ATSP},
volume = {12},
doi = {10.1007/0-306-48213-4_9}
}


@book{Gigerenzer.1999,
 abstract = {Fast and frugal heuristics - simple rules for making decisions with realistic mental resources - are presented here. Developing computational models of heuristics shows how fast and frugal heuristics can yield adaptive decisions.},
 author = {Gigerenzer, Gerd and Todd, Peter M.},
 year = {1999},
 title = {Simple heuristics that make us smart},
 address = {New York and Oxford},
 publisher = {{Oxford University Press}},
 isbn = {0-19-512156-2},
 series = {Evolution and cognition}
}

@Article{Scholte.1951,
author="Scholte, J. H.",
title="Die deutsche Literatur seit Goethes Tod",
journal="Neophilologus",
year="1951",
month="Dec",
day="01",
volume="35",
number="1",
pages="110--116",
issn="1572-8668",
doi="10.1007/BF01513166",
url="https://doi.org/10.1007/BF01513166"
}

@article{o.A..1832,
 author = {{o. A.}},
 year = {1832},
 title = {Kurze Anzeigen},
 url = {https://zs.thulb.uni-jena.de/receive/jportal_jparticle_00248075},
 urldate = {15.08.2019},
 pages = {225--232},
 volume = {28},
 number = {29},
 journal = {Erg{\"a}nzungsbl{\"a}tter zur jenaischen Allgemeinen Literatur-Zeitschrift}
}

@misc{Stephen.o.J.,
 author = {{Cook, Stephen}},
 year = {o. J.},
 title = {The P Versus NP Problem},
 url = {https://www.claymath.org/millennium-problems/p-vs-np-problem},
 note = {zuletzt abgerufen: 15.08.2019}
}

@misc{o.A..o.J.,
 author = {{o. A.}},
 year = {o. J.},
 title = {Millennium Problems},
 url = {https://www.claymath.org/millennium-problems},
  note = {zuletzt abgerufen: 15.08.2019}

}













